% Encoding: UTF-8

@MastersThesis{Kopcsanyi2023,
  author      = {Ĺudovít Kopcsányi},
  date        = {2023-03-21},
  institution = {Masaryk University},
  title       = {Time management calendar tool in ISMU},
}

@Online{Calendly2024,
  author = {Calendly},
  date   = {2024-03-19},
  editor = {Calendly},
  title  = {New user guide},
  url    = {https://help.calendly.com/hc/en-us/articles/14076872656023-New-user-guide?utm_medium=gsgv2exp#new-user-guide-0-0},
}

@Online{Microsoft2022,
  author = {Microsoft},
  date   = {2022-06-10},
  title  = {Outlook calendar API overview},
  url    = {https://learn.microsoft.com/en-us/graph/outlook-calendar-concept-overview},
}

@Online{Lal2016,
  author = {Nilesh A. Lal, Salendra Prasad, Mohammed Farik},
  date   = {2016-10},
  title  = {A Review Of Authentication Methods},
  url    = {https://www.researchgate.net/profile/Mohammed-Farik/publication/311514269_A_Review_Of_Authentication_Methods/links/584fbed808aed95c250b4915/A-Review-Of-Authentication-Methods.pdf},
}

@Online{Google2024,
  author = {Google},
  date   = {2024-08-07},
  title  = {Configure the OAuth consent screen and choose scopes},
  url    = {https://developers.google.com/workspace/guides/configure-oauth-consent},
}

@Online{Google2024a,
  author = {Google},
  date   = {2024-02-28},
  title  = {Sign in with Google for web},
  url    = {https://developers.google.com/identity/gsi/web/guides/overview},
}

@Online{Parecki2012,
  author = {Aaron Parecki},
  date   = {2012},
  title  = {OAuth 2 Simplified},
  url    = {https://oauth.net/2/},
}

@Online{React2024,
  author = {React},
  date   = {2024},
  title  = {React Reference Overview},
  url    = {https://react.dev/reference/react},
}

@Online{TurnUp2024,
  author = {TurnUp},
  date   = {2024},
  title  = {Over ons},
  url    = {https://turnup.be/overons},
}

@Comment{jabref-meta: databaseType:biblatex;}
