% Encoding: UTF-8

 
@InProceedings{Xhafa2016,
  author    = {Xhafa, Fatos and Palou, Daniel and Caballe, Santi and Barolli, Leonard},
  booktitle = {2016 10th International Conference on Complex, Intelligent, and Software Intensive Systems (CISIS)},
  date      = {2016-07},
  title     = {On Sharing and Synchronizing Groupware Calendars Under Android Platform},
  doi       = {10.1109/cisis.2016.138},
  publisher = {IEEE},
}

@MastersThesis{Vladimir2016,
  author      = {Janous Vladimir},
  date        = {2016-09},
  institution = {University of Stirling},
  title       = {Google Apps for Work Calendar Integration},
}

@Online{Google2023,
  author = {Google},
  date   = {2023},
  editor = {Google},
  title  = {Conflict reports},
  url    = {https://support.google.com/a/answer/6080858?hl=en},
}

@Manual{Google2023a,
  author = {Google},
  date   = {2023-12-13},
  editor = {Google},
  title  = {Google Calendar Node.js quickstart},
}

@Comment{jabref-meta: databaseType:biblatex;}
